@misc{flutter_wiki,
    author = "\textbf{Page Wikipédia de Flutter}",
    howpublished   = "\url{https://fr.wikipedia.org/wiki/Flutter_(logiciel)}",
    note = {(Visité le 13 Octobre 2022)}
}
