 @misc{pluginDoc,
 author= "\textbf{Intellij Platform Plugin SDK}",
 howpublished= "\url{https://plugins.jetbrains.com/docs/intellij/welcome.html}"}
